<?xml version="1.0" encoding="UTF-8"?><collection xmlns="http://www.loc.gov/MARC21/slim"><record><leader>00380nam--2200121-i-4500</leader><controlfield tag="001">000036453</controlfield><controlfield tag="002">20161230</controlfield><controlfield tag="005">20161230201040</controlfield><controlfield tag="008">060222s1000------------r-----000-0-eng-d</controlfield><datafield ind1=" " ind2=" " tag="100"><subfield code="a">Powell J.A., Zollman J.A., Martin I.E</subfield></datafield><datafield ind1=" " ind2=" " tag="245"><subfield code="a">Ceramic, sapphire and glass seals for the model c-stellarator</subfield></datafield><datafield ind1=" " ind2=" " tag="260"><subfield code="a">Lancaster, Radio Corporation Of America, /F.A./ 8p. + Figuri</subfield></datafield><datafield ind1=" " ind2=" " tag="852"><subfield code="a">15205</subfield></datafield></record></collection>